<record xmlns:xsi="http://www.w3.org/2001/XMLSchema-instance" xmlns="http://www.loc.gov/MARC21/slim" xsi:schemaLocation="http://www.loc.gov/MARC21/slim http://www.loc.gov/standards/marcxml/schema/MARC21slim.xsd">

  <leader>00714nam a2200169Ia 4500</leader>
  <datafield ind2=" " tag="999" ind1=" ">
    <subfield code="c">1242</subfield>
    <subfield code="d">1242</subfield>
  </datafield>
  <controlfield tag="008">170522b2011    a  ||||| |||| 00| | spa d</controlfield>
  <datafield ind2=" " tag="090" ind1=" ">
    <subfield code="a">02.04.02 </subfield>
    <subfield code="b">2002 </subfield>
  </datafield>
  <datafield ind1="2" tag="111" ind2=" ">
    <subfield code="9">2819</subfield>
    <subfield code="a"> Conferencia Mundial IV y Congreso Iberoamericano (5 : 2011 : Mendoza, Argentina)</subfield>
  </datafield>
  <datafield tag="245" ind2="0" ind1="1">
    <subfield code="a">Violencia en la escuela : investigaciones, intervenciones, evaluaciones y políticas públicas : resúmenes</subfield>
  </datafield>
  <datafield ind1=" " ind2=" " tag="260">
    <subfield code="a">Mendoza, Argentina : </subfield>
    <subfield code="b">Ministerio de Educación, </subfield>
    <subfield code="c">2011</subfield>
  </datafield>
  <datafield ind2=" " tag="300" ind1=" ">
    <subfield code="a">424 páginas</subfield>
  </datafield>
  <datafield ind2="4" tag="611" ind1="2">
    <subfield code="9">2820</subfield>
    <subfield code="a">CONFERENCIA MUNDIAL (5 : 2011 : MENDOZA, ARGENTINA)</subfield>
  </datafield>
  <datafield tag="611" ind2="4" ind1="2">
    <subfield code="9">2821</subfield>
    <subfield code="a">IV CONGRESO IBEROAMERICANO (4 : 2011 : MENDOZA, ARGENTINA)</subfield>
  </datafield>
  <datafield ind1="1" tag="650" ind2="4">
    <subfield code="a">VIOLENCIA</subfield>
    <subfield code="9">71</subfield>
  </datafield>
  <datafield ind1="1" ind2="4" tag="650">
    <subfield code="a">VIOLENCIA ESCOLAR</subfield>
    <subfield code="9">553</subfield>
  </datafield>
  <datafield ind1=" " ind2=" " tag="942">
    <subfield code="2">z</subfield>
    <subfield code="c">01</subfield>
  </datafield>
</record>